@misc{Microsoft:2021,  
	author = {Microsoft},
	organization = {Microsoft},
    title = {Containers vs. virtual machines},
    year = {2021},
    howpublished={\url{https://learn.microsoft.com/en-us/virtualization/windowscontainers/about/containers-vs-vm}},
    urldate={2022-12-01}
}

@misc{IBM:2021,  
	author = {IBM Cloud Team},
	organization = {IBM},
    title = {Containers vs. Virtual Machines (VMs): Whatâ€™s the Difference?},
    year = {2021},
    howpublished={\url{https://www.ibm.com/cloud/blog/containers-vs-vms}},
    urldate={2022-12-01}
}

@misc{SFL:2017,  
	author = {SFL},
	organization = {Medium},
    title = {Containerization: Advantages of Kubernetes},
    year = {2017},
    howpublished={\url{https://medium.com/sfl-newsroom/containerization-advantages-of-kubernetes-1eab18b3115b}},
    urldate={2022-12-02}
}

@misc{IBM:2019,  
	author = {Gandhi, Rajeev AND Szmrecsanyi, Peter},
	organization = {IBM},
    title = {The Benefits of Containerization and What It Means for You},
    year = {2019},
    howpublished={\url{https://www.ibm.com/cloud/blog/the-benefits-of-containerization-and-what-it-means-for-you}},
    urldate={2022-12-02}
}

@misc{Cloud:2020,  
	author = {Evans, Martin},
	organization = {CLOUD4U},
    title = {Why you should use Kubernetes},
    year = {2020},
    howpublished={\url{https://www.cloud4u.com/blog/why-kubernetes/}},
    urldate={2022-12-15}
}

@misc{Kubernetes:2022,  
	organization = {Kubernetes},
    title = {Why you need Kubernetes and what it can do},
    year = {2022},
    howpublished={\url{https://kubernetes.io/docs/concepts/overview/}},
    urldate={2022-12-15}
}

@misc{Ionos:2022,  
	organization = {IONOS},
    title = {Was ist Kubernetes?},
    year = {2022},
    howpublished={\url{https://kubernetes.io/docs/concepts/overview/}},
    urldate={2022-12-26}
}

@misc{Kubernetes_pods:2022,  
	organization = {Kubernetes},
    title = {Pods},
    year = {2022},
    howpublished={\url{https://kubernetes.io/de/docs/concepts/workloads/pods/}},
    urldate={2022-12-27}
}

@misc{Kubernetes_cluster,  
	organization = {VMware},
    title = {Was ist ein Kubernetes-Cluster?},
    howpublished={\url{https://www.vmware.com/de/topics/glossary/content/kubernetes-cluster.html}},
    urldate={2022-12-27}
}

@misc{Kubernetes_nodes:2021,  
	organization = {Kubernetes},
    title = {Nodes},
    year = {2021},
    howpublished={\url{https://kubernetes.io/de/docs/concepts/architecture/nodes/}},
    urldate={2022-12-27}
}

@misc{Kubernetes_runtime:2022,  
	organization = {Kubernetes},
    title = {Nodes},
    year = {2022},
    howpublished={\url{https://kubernetes.io/docs/setup/production-environment/container-runtimes/}},
    urldate={2022-12-27}
}

@misc{Datadog:2020,  
	organization = {Datadog},
    title = {Monitoring in the Kubernetes era},
    author = {Saponaro, Jean-Mathieu},
    year = {2020},
    howpublished={\url{https://kubernetes.io/docs/setup/production-environment/container-runtimes/}},
    urldate={2022-12-27}
}

@misc{Kubernetes_network:2022,  
	organization = {Kubernetes},
    title = {Services, Load Balancing, and Networking},
    year = {2022},
    howpublished={\url{https://kubernetes.io/docs/concepts/services-networking/}},
    urldate={2023-01-13}
}

@misc{Kubernetes_kubeconfig:2022,  
	organization = {Kubernetes},
    title = {Organizing Cluster Access Using kubeconfig Files},
    year = {2022},
    howpublished={\url{https://kubernetes.io/docs/concepts/configuration/organize-cluster-access-kubeconfig/}},
    urldate={2023-01-19}
}

@misc{Flask:2010,
    organization = {Pallets},
    title = {Flask},
    year = {2010},
    howpublished={\url{https://flask.palletsprojects.com/en/2.2.x/}},
    urldate={2023-01-22}
}

@misc{Xception:2017,
    organization = {Google, Inc.},
    title = {Xception: Deep Learning with Depthwise Separable Convolutions},
    year = {2017},
    howpublished={\url{https://openaccess.thecvf.com/content_cvpr_2017/papers/Chollet_Xception_Deep_Learning_CVPR_2017_paper.pdf}},
    urldate={2023-01-22}
}